@article{alfons,
  author  = {Alfons Johansson},
  title   = {Flagging Errors in Radiology Reports},
  journal = {Artificial Intelligence and Integrated Computer Systems},
  year    = {2025},
  url     = {https://www.diva-portal.org/smash/record.jsf?pid=diva2%3A1969747&dswid=-6260}
}

@article{jagg,
  author  = {A. Jagannatha, F. Liu, W. Liu, et al.},
  title   = {Overview of the First Natural Language Processing Challenge for Extracting Medication, Indication, and Adverse Drug Events from Electronic Health Record Notes},
  journal = {Drug Safety},
  year    = {2019},
  doi     = {10.1007/s40264-018-0762-z}
}

@article{goel,
  author  = {A. Goel, A. Gueta, O. Gilon, C. Liu, et al.},
  title   = {LLMs Accelerate Annotation for Medical Information Extraction},
  journal = {Proceedings of Machine Learning Research},
  year    = {2023},
  pmlr    = {225:82-100},
  url     = {https://proceedings.mlr.press/v225/goel23a/goel23a.pdf}
}

@article{NIH,
  author  = {Thomas L. Rodziewicz; Benjamin Houseman; Sarosh Vaqar; John E. Hipskind.},
  title   = {Medical Error Reduction and Prevention},
  journal = {National Library of Medicine, National Center for Biotechnology Information},
  pmid    = {29763131},
  year    = {2024},
  url     = {https://www.ncbi.nlm.nih.gov/books/NBK499956/}
}